@book{bougerol2012products,
	title={Products of random matrices with applications to Schr{\"o}dinger operators},
	author={Bougerol, Philippe and others},
	volume={8},
	year={2012},
	publisher={Springer Science \& Business Media}
}

@misc{bochi2016furstenberg,
	title={FURSTENBERG’S THEOREM ON PRODUCTS OF IID 2 ˆ 2 MATRICES},
	author={BOCHI, JAIRO},
	year={2016}
}

@book{tao2012topics,
	title={Topics in random matrix theory},
	author={Tao, Terence},
	volume={132},
	year={2012},
	publisher={American Mathematical Soc.}
}
